@misc{bennett2024nonvariational,
  title   = {Non-variational Quantum Combinatorial Optimisation},
  author  = {Tavis Bennett and Lyle Noakes and Jingbo Wang},
  year    = {2024},
  journal = {arXiv preprint arXiv:2404.03167}
}

@misc{bennett2024analysisnonvariationalquantumwalkbased,
      title={Analysis of the Non-variational Quantum Walk-based Optimisation Algorithm}, 
      author={Tavis Bennett and Lyle Noakes and Jingbo B. Wang},
      year={2024},
      eprint={2408.06368},
      archivePrefix={arXiv},
      primaryClass={quant-ph},
      url={https://arxiv.org/abs/2408.06368}, 
}

@article{grover_search,
  title   = {A fast quantum mechanical algorithm for database search},
  author  = {Grover, Lov K.},
  journal = {Proceedings
             of the 28th Annual ACM Symposium on Theory of Computing (STOC)},
  year    = {1996},
  pages   = {212--219},
  doi     = {10.1145/237814.237866}
}

@misc{QuOp_MPI,
  author    = {Edric Matwiejew and
               Nicholas Slate},
  title     = {Edric-Matwiejew/QuOp\_MPI: 1.0.0 - 2021-09-30 -
               Feature Release
               },
  month     = {9},
  year      = {2021},
  publisher = {Zenodo},
  version   = {v1.0.0},
  doi       = {10.5281/zenodo.5540364},
  url       = {https://doi.org/10.5281/zenodo.5540364}
}

@misc{QuOp_MPI_paper_variational,
  title         = {{Q}u{O}p\_{MPI}: a framework for parallel simulation of quantum variational algorithms},
  author        = {Edric Matwiejew and Jingbo B. Wang},
  year          = {2022},
  journal       = {arXiv preprint arXiv:2110.03963},
  eprint        = {2110.03963},
  archiveprefix = {arXiv},
  primaryclass  = {quant-ph},
  doi           = {https://doi.org/10.1016/j.jocs.2022.101711},
  url           = {https://arxiv.org/abs/2110.03963}
}

@misc{QAOA,
  author = {Edward Farhi and Jeffrey Goldstone and Sam Gutmann},
  title = {A Quantum Approximate Optimization Algorithm},
  url={https://arxiv.org/abs/1411.4028},
  year = {2014}
}

@misc{deltacon,
      title={{DELTACON}: A Principled Massive-Graph Similarity Function}, 
      author={Danai Koutra and Joshua T. Vogelstein and Christos Faloutsos},
      year={2013},
      eprint={1304.4657},
      archivePrefix={arXiv},
      primaryClass={cs.SI}
}

@misc{QAOA_graph_sim,
    title={Quantum Approximate Optimisation Applied to Graph Similarity}, 
    author={Nicholas J. Pritchard},
    year={2024},
    eprint={2412.17309},
    archivePrefix={arXiv},
    primaryClass={quant-ph},
    url={https://arxiv.org/abs/2412.17309},
}

@article{Shor_algorithm,
   title={Polynomial-Time Algorithms for Prime Factorization and Discrete Logarithms on a Quantum Computer},
   volume={26},
   ISSN={1095-7111},
   url={http://dx.doi.org/10.1137/S0097539795293172},
   DOI={10.1137/s0097539795293172},
   number={5},
   journal={SIAM Journal on Computing},
   publisher={Society for Industrial & Applied Mathematics (SIAM)},
   author={Shor, Peter W.},
   year={1997},
   month=oct, pages={1484–1509} }

   @article{epr_paradox,
  title = {Can Quantum-Mechanical Description of Physical Reality Be Considered Complete?},
  author = {Einstein, A. and Podolsky, B. and Rosen, N.},
  journal = {Phys. Rev.},
  volume = {47},
  issue = {10},
  pages = {777--780},
  numpages = {0},
  year = {1935},
  month = {May},
  publisher = {American Physical Society},
  doi = {10.1103/PhysRev.47.777},
  url = {https://link.aps.org/doi/10.1103/PhysRev.47.777}
}

@article{CVaR_quantum,
   title={Improving Variational Quantum Optimization using {CVaR}},
   volume={4},
   ISSN={2521-327X},
   url={http://dx.doi.org/10.22331/q-2020-04-20-256},
   DOI={10.22331/q-2020-04-20-256},
   journal={Quantum},
   publisher={Verein zur Forderung des Open Access Publizierens in den Quantenwissenschaften},
   author={Barkoutsos, Panagiotis Kl. and Nannicini, Giacomo and Robert, Anton and Tavernelli, Ivano and Woerner, Stefan},
   year={2020},
   month=apr, pages={256} }

@article{nelder_mead,
  title={A simplex method for function minimization},
  author={J. A. Nelder and R. Mead},
  year={1965},
  month=jan,
  journal={The Computer Journal},
  volume={7},
  issue={4},
  pages={308-313}
}

@article{erdos_renyi,
  title={On Random Graphs. {I}.},
  author={Paul Erdős and Alfréd Rényi},
  year={1959},
  journal={Publicationes Mathematicae},
  volume={6},
  issue={3-4},
  pages={290-297}
}

@article{gilbert,
  title={Random Graphs},
  author={Edgar Gilbert},
  year={1959},
  journal={Annals of Mathematical Statistics},
  volume={30},
  issue={4},
  pages={1141-1144}
}

@inproceedings{networkx,
  author = {Aric A. Hagberg and Daniel A. Schult and Pieter J. Swart},
  booktitle = {Proceedings of the 7th Python in Science Conference (SciPy 2008)},
  editor = {Gäel Varoquaux and Travis Vaught and and Jarrod Millman},
  title = {Exploring Network Structure, Dynamics, and Function using {NetworkX}},
  year = {2008}
}

@Article{         numpy,
 title         = {Array programming with {NumPy}},
 author        = {Charles R. Harris and K. Jarrod Millman and St{\'{e}}fan J.
                 van der Walt and Ralf Gommers and Pauli Virtanen and David
                 Cournapeau and Eric Wieser and Julian Taylor and Sebastian
                 Berg and Nathaniel J. Smith and Robert Kern and Matti Picus
                 and Stephan Hoyer and Marten H. van Kerkwijk and Matthew
                 Brett and Allan Haldane and Jaime Fern{\'{a}}ndez del
                 R{\'{i}}o and Mark Wiebe and Pearu Peterson and Pierre
                 G{\'{e}}rard-Marchant and Kevin Sheppard and Tyler Reddy and
                 Warren Weckesser and Hameer Abbasi and Christoph Gohlke and
                 Travis E. Oliphant},
 year          = {2020},
 month         = sep,
 journal       = {Nature},
 volume        = {585},
 number        = {7825},
 pages         = {357--362},
 doi           = {10.1038/s41586-020-2649-2},
 publisher     = {Springer Science and Business Media {LLC}},
 url           = {https://doi.org/10.1038/s41586-020-2649-2}
}

@misc{hdf5,
author = {{The HDF Group}},
title = {{Hierarchical Data Format, version 5}},
url = {https://github.com/HDFGroup/hdf5}
}

@article{bell_theorem,
  title = {On the {E}instein {P}odolsky {R}osen paradox},
  author = {Bell, J. S.},
  journal = {Physics Physique Fizika},
  volume = {1},
  issue = {3},
  pages = {195--200},
  numpages = {6},
  year = {1964},
  month = {Nov},
  publisher = {American Physical Society},
  doi = {10.1103/PhysicsPhysiqueFizika.1.195},
  url = {https://link.aps.org/doi/10.1103/PhysicsPhysiqueFizika.1.195}
}

@article{bell_inequality_1,
author={Hensen, B. and Bernien, H. and Dréau, A. E. and Reiserer, A. and Kalb, N. and Blok, M. S. and Ruitenberg, J. and Vermeulen, R. F. L. and Schouten, R. N. and Abellán, C. and Amaya, W. and Pruneri, V. and Mitchell, M. W. and Markham, M. and Twitchen, D. J. and Elkouss, D. and Wehner, S. and Taminiau, T. H. and Hanson, R.},
title={Loophole-free {B}ell inequality violation using electron spins separated by 1.3 kilometres},
year={2015},
month={10},
journal={Nature},
volume={526},
issue={7575},
pages={682-686},
doi={10.1038/nature15759}
}

@article{bell_inequality_2,
  title = {Strong Loophole-Free Test of Local Realism},
  author = {Shalm, Lynden K. and Meyer-Scott, Evan and Christensen, Bradley G. and Bierhorst, Peter and Wayne, Michael A. and Stevens, Martin J. and Gerrits, Thomas and Glancy, Scott and Hamel, Deny R. and Allman, Michael S. and Coakley, Kevin J. and Dyer, Shellee D. and Hodge, Carson and Lita, Adriana E. and Verma, Varun B. and Lambrocco, Camilla and Tortorici, Edward and Migdall, Alan L. and Zhang, Yanbao and Kumor, Daniel R. and Farr, William H. and Marsili, Francesco and Shaw, Matthew D. and Stern, Jeffrey A. and Abell\'an, Carlos and Amaya, Waldimar and Pruneri, Valerio and Jennewein, Thomas and Mitchell, Morgan W. and Kwiat, Paul G. and Bienfang, Joshua C. and Mirin, Richard P. and Knill, Emanuel and Nam, Sae Woo},
  journal = {Phys. Rev. Lett.},
  volume = {115},
  issue = {25},
  pages = {250402},
  numpages = {10},
  year = {2015},
  month = {Dec},
  publisher = {American Physical Society},
  doi = {10.1103/PhysRevLett.115.250402},
  url = {https://link.aps.org/doi/10.1103/PhysRevLett.115.250402}
}

@article{bell_inequality_3,
  title = {Significant-Loophole-Free Test of Bell's Theorem with Entangled Photons},
  author = {Giustina, Marissa and Versteegh, Marijn A. M. and Wengerowsky, S{\"o}ren and Handsteiner, Johannes and Hochrainer, Armin and Phelan, Kevin and Steinlechner, Fabian and Kofler, Johannes and Larsson, Jan-\AA{}ke and Abell\'an, Carlos and Amaya, Waldimar and Pruneri, Valerio and Mitchell, Morgan W. and Beyer, J{\"o}rn and Gerrits, Thomas and Lita, Adriana E. and Shalm, Lynden K. and Nam, Sae Woo and Scheidl, Thomas and Ursin, Rupert and Wittmann, Bernhard and Zeilinger, Anton},
  journal = {Phys. Rev. Lett.},
  volume = {115},
  issue = {25},
  pages = {250401},
  numpages = {7},
  year = {2015},
  month = {Dec},
  publisher = {American Physical Society},
  doi = {10.1103/PhysRevLett.115.250401},
  url = {https://link.aps.org/doi/10.1103/PhysRevLett.115.250401}
}

@article{Jozsa_2003,
   title={On the role of entanglement in quantum-computational speed-up},
   volume={459},
   ISSN={1471-2946},
   url={http://dx.doi.org/10.1098/rspa.2002.1097},
   DOI={10.1098/rspa.2002.1097},
   number={2036},
   journal={Proceedings of the Royal Society of London. Series A: Mathematical, Physical and Engineering Sciences},
   publisher={The Royal Society},
   author={Jozsa, Richard and Linden, Noah},
   year={2003},
   month={8}, 
   pages={2011-2032} 
   }

   @misc{cvar_opt,
      title={Improving Variational Quantum Optimization using {CVaR}}, 
      author={Panagiotis Kl. Barkoutsos and Giacomo Nannicini and Anton Robert and Ivano Tavernelli and Stefan Woerner},
      year={2020},
      eprint={1907.04769},
      archivePrefix={arXiv},
      primaryClass={quant-ph},
      doi={https://doi.org/10.22331/q-2020-04-20-256},
      url={https://arxiv.org/abs/1907.04769}, 
}

@article{qwoa_similarity,
  title={Quantum walk inspired algorithm for graph similarity and isomorphism},
  author={Callum Schofield and Jingbo B. Wang and Yuying Li},
  journal={Quantum Information Processing},
  volume={19},
  number={281},
  year={2020},
}

@article{grover_optimal,
   title={Grover's quantum searching algorithm is optimal},
   volume={60},
   ISSN={1094-1622},
   url={http://dx.doi.org/10.1103/PhysRevA.60.2746},
   DOI={10.1103/physreva.60.2746},
   number={4},
   journal={Physical Review A},
   publisher={American Physical Society (APS)},
   author={Zalka, Christof},
   year={1999},
   month=oct, pages={2746-2751} 
   }

@article{databases,
  author={Zheng, Weiguo and Zou, Lei and Lian, Xiang and Wang, Dong and Zhao, Dongyan},
  journal={IEEE Transactions on Knowledge and Data Engineering}, 
  title={Efficient Graph Similarity Search Over Large Graph Databases}, 
  year={2015},
  volume={27},
  number={4},
  pages={964-978},
  keywords={Search problems;Transforms;Partitioning algorithms;Indexes;Chemicals;Compounds;Graph edit distance;lower bound;graph database;graph similarity search},
  doi={10.1109/TKDE.2014.2349924}}

  @inproceedings{how_similar, 
  series={KDD '21},
   title={Graph Similarity Description: How Are These Graphs Similar?},
   url={http://dx.doi.org/10.1145/3447548.3467257},
   DOI={10.1145/3447548.3467257},
   booktitle={Proceedings of the 27th ACM SIGKDD Conference on Knowledge Discovery \& Data Mining},
   publisher={ACM},
   author={Corinna Coupette and Jilles Vreeken},
   year={2021},
   collection={KDD '21} }

   @article{social-networks,
    author = "Bryan Ek and Caitlin VerSchneider and Nathan D. Cahill and Darren A. Narayan",
    title = "A comprehensive comparison of graph theory metrics for social networks",
    journal = "Social Network Analysis and Mining",
    year = "2015"}

    @inproceedings{quantum-distinguishability,
author = {Polychronopoulou, Athanasia and Alshehri, J. and Obradovic, Zoran},
title = {Distinguishability of graphs: a case for quantum-inspired measures},
year = {2022},
isbn = {9781450391283},
publisher = {Association for Computing Machinery},
address = {New York, NY, USA},
url = {https://doi.org/10.1145/3487351.3488330},
doi = {10.1145/3487351.3488330},
booktitle = {Proceedings of the 2021 IEEE/ACM International Conference on Advances in Social Networks Analysis and Mining},
pages = {48-55},
numpages = {8},
location = {Virtual Event, Netherlands},
series = {ASONAM '21}
}

@article{citation-space,
   title={What is the dimension of citation space?},
   volume={448},
   ISSN={0378-4371},
   url={http://dx.doi.org/10.1016/j.physa.2015.12.053},
   DOI={10.1016/j.physa.2015.12.053},
   journal={Physica A: Statistical Mechanics and its Applications},
   publisher={Elsevier BV},
   author={James R. Clough and Tim S. Evans},
   year={2016},
   pages={235-247} }

@article{traffic,
    author = {S. Yang and J. Wu and G. Qi and K. Tian},
    title = {Analysis of traffic state variation patterns for urban road network based on spectral clustering},
    journal = {Advances in Mechanical Engineering},
    year = {2017}
}

@article{web-anomalies,
    author = "Panagiotis Papadimitriou and Ali Dasdan and Hector Garcia-Molina",
    title = "Web graph similarity for anomaly detection",
    journal = "Journal of Internet Services and Applications",
    year = "2010"
}

@article{MCS,
title = {Subgraph isomorphism, matching relational structures and maximal cliques},
journal = {Information Processing Letters},
volume = {4},
number = {4},
pages = {83-84},
year = {1976},
issn = {0020-0190},
doi = {https://doi.org/10.1016/0020-0190(76)90049-1},
url = {https://www.sciencedirect.com/science/article/pii/0020019076900491},
author = {H.G. Barrow and R.M. Burstall},
keywords = {Cliques, graphs, isomorphism, matching}
}

@ARTICLE{GED,
  author={Sanfeliu, Alberto and Fu, King-Sun},
  journal={IEEE Transactions on Systems, Man, and Cybernetics}, 
  title={A distance measure between attributed relational graphs for pattern recognition}, 
  year={1983},
  volume={SMC-13},
  number={3},
  pages={353-362},
  keywords={Cost function;Grammar;Merging;Pattern recognition;Transforms;Measurement uncertainty},
  doi={10.1109/TSMC.1983.6313167}}

  @ARTICLE{eigendecomposition,
  author={Umeyama, S.},
  journal={IEEE Transactions on Pattern Analysis and Machine Intelligence}, 
  title={An eigendecomposition approach to weighted graph matching problems}, 
  year={1988},
  volume={10},
  number={5},
  pages={695-703},
  keywords={Iterative methods;Pattern matching;Head;Computer vision;Pattern recognition;Arm;Shape;Image color analysis;Computer science;Spatial databases},
  doi={10.1109/34.6778}}

@Article{QUBO-traveling,
AUTHOR = {Christos Papalitsas and TheodoreAndronikos and Konstantinos Giannakis and Georgia Theocharopoulou and Sofia Fanarioti},
TITLE = {A QUBO Model for the Traveling Salesman Problem with Time Windows},
JOURNAL = {Algorithms},
VOLUME = {12},
YEAR = {2019},
NUMBER = {11},
ARTICLE-NUMBER = {224},
URL = {https://www.mdpi.com/1999-4893/12/11/224},
ISSN = {1999-4893},
DOI = {10.3390/a12110224}
}

@article{QWOA,
   title={A quantum walk-assisted approximate algorithm for bounded NP optimisation problems},
   volume={18},
   ISSN={1573-1332},
   url={http://dx.doi.org/10.1007/s11128-019-2171-3},
   DOI={10.1007/s11128-019-2171-3},
   number={3},
   journal={Quantum Information Processing},
   publisher={Springer Science and Business Media LLC},
   author={Sam Marsh and Jingbo Wang},
   year={2019}}

@article{QAOA-review,
   title={A review on Quantum Approximate Optimization Algorithm and its variants},
   volume={1068},
   ISSN={0370-1573},
   url={http://dx.doi.org/10.1016/j.physrep.2024.03.002},
   DOI={10.1016/j.physrep.2024.03.002},
   journal={Physics Reports},
   publisher={Elsevier BV},
   author={Kostas Blekos and Dean Brand and Andrea Ceschini and Chiao-Hui  Chou and Rui-Hao Li and Komal Pandya and Alessandro Summer},
   year={2024},
   month=jun, pages={1-66} }

   @misc{frobenius-distance,
      title={Graph Similarity and Approximate Isomorphism}, 
      author={Martin Grohe and Gaurav Rattan and Gerhard J. Woeginger},
      year={2018},
      eprint={1802.08509},
      archivePrefix={arXiv},
      primaryClass={cs.DS}
}

@article{QAOA-optimiser,
title = {Genetic algorithms as classical optimizer for the Quantum Approximate Optimization Algorithm},
journal = {Applied Soft Computing},
volume = {142},
pages = {110296},
year = {2023},
issn = {1568-4946},
doi = {https://doi.org/10.1016/j.asoc.2023.110296},
url = {https://www.sciencedirect.com/science/article/pii/S1568494623003149},
author = {Giovanni Acampora and Angela Chiatto and Autilia Vitiello},
keywords = {Genetic algorithms, Quantum Approximate Optimization Algorithm, Quantum computing, Quantum optimization algorithms},
}